
@unpublished{Multiplayer_Networking_modern_engine,
	author	= "Edwardes, Alan",
	title	= "Multiplayer Networking in a Modern Game Engine",
	%year	= "",
	%month	= "",
	note	= "Project Writeup",
}

@phdthesis{Fairness_and_Playability,
	author		= "Brun, Jeremy and Safaei, Farzad and Boustead, Paul",
	title		= "Fairness and playability in online multiplayer games",
	school		= "University of Wollongong",
	%address	= "",
	year		= "2006",
	%month		= "",
	%keywords	= "",
	%note		= "",
}
