
%https://en.wikibooks.org/wiki/LaTeX/Bibliography_Management#Standard_templates



@unpublished{Multiplayer_Networking_modern_engine,
	author	= "Edwardes, Alan",
	title	= "Multiplayer Networking in a Modern Game Engine",
	%year	= "",
	%month	= "",
	note	= "Project Writeup",
}

@phdthesis{Fairness_and_Playability,
	author		= "Brun, Jeremy and Safaei, Farzad and Boustead, Paul",
	title		= "Fairness and playability in online multiplayer games",
	school		= "University of Wollongong",
	%address	= "",
	year		= "2006",
	%month		= "",
	%keywords	= "",
	%note		= "",
}

@book{Pro_HTML5_Programming,
    author    = "Lubbers, Peter and Albers, Brian and Salim, Frank",
    title     = "Pro HTML5 Programming",
    year      = "2010",
    publisher = "Paul Manning",
    address   = "Springer Science and Business Media, LLC., 233 Spring Street, New York"
}

@book{HTML5_Up_and_Running,
    author    = "Pilgrim, Mark",
    title     = "HTML5: Up and Running",
    year      = "2010",
    publisher = "O'Reilly Media Inc.",
    address   = "1005 Gravenstein Highway North, Sebastopol, CA 95472."
}

@book{Friendly_Programming,
    author    = "Borenstein, Nathaniel S.",
    title     = "Programming as if People Mattered: Friendly Programs, Software Engineering and Other Noble Delusions. 3rd ed.",
    year      = "1994",
    publisher = "Princeton University Press",
    address   = "Princeton, New Jersey"
}

@article{Mark_Overmars,
    author    = "Overmars, Mark",
    title     = "Teaching Computer Science through Game Design",
    journal   = "Entertainment Computing",
    %volume   = "",
    %number   = "",
    %pages    = "",
    year      = "2004",
    %month    = "",
    %note     = "",
}

%WEB REFERENCES
%trick for checking year: view element > console > javascript:alert(document.lastModified)
@misc{Death_Flash_Java,
   author = "Elliot, Ian",
   title = "Death of Flash and Java",
   year = "14 July 2015",
   howpublished = {\url{http://i-programmer.info/news/86-browsers/8783-death-of-flash-and-java.html}},
   note = "[Accessed: 2016-01-16]"
}
 
@misc{Why_Nodejs,
   author = "Capan, Tomislav",
   title = "Why the Hell Would I use Node.js",
   year = "2014",
   howpublished = {\url{http://www.toptal.com/nodejs/why-the-hell-would-i-use-node-js}},
   note = "[Accessed: 2016-01-16]"
}

@misc{Socketio_Benchmark,
   author = "Harry, Drew",
   title = "Practical socket.io Benchmarking",
   year = "2012",
   howpublished = {\url{http://drewww.github.io/socket.io-benchmarking/}},
   note = "[Accessed: 2016-01-16]"
}

@misc{Socketio,
   title = "socket.io",
   howpublished = {\url{http://socket.io/}},
   note = "Homepage, [Accessed: 2016-01-16]"
}

@misc{Socketio_TCP_Benchmark,
   author = "Takada, Mikito",
   title = "Performance Benchmarking Socket.io 0.8.7, 0.7.11 and 0.6.17 and Node's Native TCP",
   year = "2011",
   howpublished = {\url{http://blog.mixu.net/2011/11/22/performance-benchmarking-socket-io-0-8-7-0-7-11-and-0-6-17-and-nodes-native-tcp/}},
   note = "[Accessed: 2016-01-16]"
}

@misc{Node_Stress_Test,
   author = "Pennisi, Mike",
   title = "Realtime Node.js App: A Stress Testing Story",
   year = "2012",
   howpublished = {\url{https://bocoup.com/weblog/node-stress-test-analysis}},
   note = "[Accessed: 2016-01-16]"
}

@misc{NodeJS_Image,
   author = "Hernandez, Alejandro",
   title = "Init.js: A Guide to the Why and How of Full-Stack JavaScript",
   howpublished = {\url{http://www.toptal.com/javascript/guide-to-full-stack-javascript-initjs}},
   note = "[Accessed: 2016-01-16]"
}

@misc{Canvas_API,
   author = "Mozilla Developer Network",
   title = "Canvas API",
   year = "2015",
   howpublished = {\url{https://developer.mozilla.org/en-US/docs/Web/API/Canvas_API}},
   note = "[Accessed: 2016-01-16]"
}


